@book{Aho:2006:CPT:1177220,
 author = {Aho, Alfred V. and Lam, Monica S. and Sethi, Ravi and Ullman, Jeffrey D.},
 title = {Compilers: Principles, Techniques, and Tools (2Nd Edition)},
 year = {2006},
 isbn = {0321486811},
 publisher = {Addison-Wesley Longman Publishing Co., Inc.},
 address = {Boston, MA, USA},
}

@misc{CNS:RISC-Architecture,
  author = {Chrystal Chen, Greg Novick, Kirk Shimano},
  title = {RISC Architecture},
  howpublished = "\url{https://cs.stanford.edu/people/eroberts/courses/soco/projects/risc/whatis/index.html}",
  note = "[Online; accessed 28-July-2016]"
}

@misc{Wikipedia:Tagged-union,
  title = {Tagged Union},
  howpublished = "\url{https://en.wikipedia.org/wiki/Tagged_union}",
  note = "[Online; accessed 01-December-2016]"
}


@misc{Stokes:1999:RISCvsCISC,
  author = {Jon Stokes},
  title = {RISC vs. CISC: the Post-RISC Era â€” A historical approach to the debate},
  year = {1999},
  howpublished = "\url{http://arstechnica.com/cpu/4q99/risc-cisc/rvc-6.html}",
  note = "[Online; accessed 28-July-2016]"
}

@misc{MARS-simulator,
  author = {Ken Vollmar},
  title = {Mars},
  howpublished = "\url{http://courses.missouristate.edu/KenVollmar/mars/download.htm}",
  note = "[Online; accessed 01-December-2016]"
}

@misc{Trzynadlowski:2001:68k,
  author = {Bart Trzynadlowski},
  title = {68000 Instruction Usage Statistics},
  year = {2001},
  howpublished = "\url{https://emu-docs.org/CPU\%2068k/68kstat.txt}",
  note = "[Online; accessed 28-July-2016]"
}

@book{Patterson:2008:COD:1502247,
 author = {Patterson, David A. and Hennessy, John L.},
 title = {Computer Organization and Design, Fourth Edition, Fourth Edition: The Hardware/Software Interface (The Morgan Kaufmann Series in Computer Architecture and Design)},
 year = {2008},
 isbn = {0123744938, 9780123744937},
 edition = {4th},
 publisher = {Morgan Kaufmann Publishers Inc.},
 address = {San Francisco, CA, USA},
} 

@misc{Irwin:CSE331W02.11:2007:PSU,
 author = {Mary Jane Irwin},
 title = {CSE 331, Computer Organization and Design. Fall 2007, week 2},
 year = {2007},
 howpublished = "\url{http://www.cse.psu.edu/research/mdl/mji/mjicourses/331/cse331-week2.ppt/view
}",
  note = "[Online; accessed 8-August-2016]"
}

